@misc{LaTeXnet,
	Howpublished = {\url{https://www.latexstudio.net}},
}

@book{RSfund,
	title={Principle and application of remote sensing},
	author={SunJia bin},
	publisher={Wuhan university press},
	year={2003},
}